@article{Areces2003,
author = {Areces, Carlos and Lorraine, Inria},
file = {:media/Program\_Data/Study/Application\_in\_NLP/project/literature/GenI\_intro.pdf:pdf},
pages = {1--14},
title = {{GeNI ’ s NL Generator}},
year = {2003}
}
@article{Bangalore2000,
author = {Bangalore, Srinivas and Ave, Park and Box, P O and Park, Florham},
file = {:media/Program\_Data/Study/Application\_in\_NLP/project/literature/Using\_TAGs.pdf:pdf},
number = {May},
pages = {25--27},
title = {{Using TAGs , a Tree Model , and a Language Model for Generation}},
year = {2000}
}
@article{Bangalore1999,
author = {Bangalore, Srinivas and Joshi, AK},
file = {:media/Program\_Data/Study/Application\_in\_NLP/project/literature/J99-2004.pdf:pdf},
journal = {Computational linguistics},
title = {{Supertagging: An approach to almost parsing}},
year = {1999}
}
@article{Banik2012,
author = {Banik, Eva and Gardent, Claire and Scott, Donia and Dinesh, Nikhil and Liang, Fennie},
file = {:media/Program\_Data/Study/Application\_in\_NLP/project/literature/1880.pdf:pdf},
journal = {INLG 2012},
title = {{KBGen–Text Generation from Knowledge Bases as a New Shared Task}},
year = {2012}
}
@phdthesis{Banik2010,
author = {Banik, Eva and Philology, M A English},
file = {:media/Program\_Data/Study/Application\_in\_NLP/project/literature/GENI-another-introduction.pdf:pdf},
number = {June},
title = {{A minimalist approach to generating coherent texts Acknowledgments}},
year = {2010}
}
@article{Bod,
author = {Bod, Rens},
file = {:media/Program\_Data/Study/Application\_in\_NLP/project/literature/rens.pdf:pdf},
title = {{Data-Oriented Parsing}}
}
@article{Chen,
author = {Chen, John and Shanker, VK},
file = {:media/Program\_Data/Study/Application\_in\_NLP/project/literature/10.1.1.43.957.pdf:pdf},
journal = {New developments in parsing technology},
title = {{Automated extraction of TAGs from the Penn Treebank}},
year = {2005}
}
@article{Chiang2000,
author = {Chiang, David},
file = {:media/Program\_Data/Study/Application\_in\_NLP/project/literature/biblio/chiang-dop.pdf:pdf},
journal = {Proceedings of the 38th Annual Meeting on Association for Computational Linguistics},
number = {1995},
pages = {1--20},
title = {{Statistical parsing with an automatically-extracted tree adjoining grammar}},
year = {2000}
}
@article{Copestake2005,
author = {Copestake, Ann and Flickinger, Dan and Pollard, Carl and Sag, Ivan a.},
doi = {10.1007/s11168-006-6327-9},
file = {:media/Program\_Data/Study/Application\_in\_NLP/project/literature/GenI/copestake.pdf:pdf},
issn = {1570-7075},
journal = {Research on Language and Computation},
keywords = {computational semantics,flat semantics,grammar imple-,semantic composition},
month = jul,
number = {2-3},
pages = {281--332},
title = {{Minimal Recursion Semantics: An Introduction}},
volume = {3},
year = {2005}
}
@article{DeVault2008,
author = {DeVault, D and Traum, David and Artstein, Ron},
file = {:media/Program\_Data/Study/Application\_in\_NLP/project/literature/inlg08.pdf:pdf},
journal = {Proceedings of the Fifth International Natural Language Generation Conference},
title = {{Practical grammar-based NLG from examples}},
year = {2008}
}
@article{DeVault2008a,
author = {DeVault, D and Traum, David and Artstein, Ron},
file = {:media/Program\_Data/Study/Application\_in\_NLP/project/literature/SIGDIAL30.pdf:pdf},
journal = {Ninth SIGdial Workshop on Discourse and Dialogue (SIGdial)},
number = {June},
pages = {198--207},
title = {{Making grammar-based generation easier to deploy in dialogue systems}},
year = {2008}
}
@article{Gardent2003,
author = {Gardent, Claire and Kallmeyer, Laura},
file = {:media/Program\_Data/Study/Application\_in\_NLP/project/literature/eacl03.pdf:pdf},
journal = {Proceedings of the tenth conference on \ldots},
title = {{Semantic construction in feature-based TAG}},
year = {2003}
}
@article{Gardent,
author = {Gardent, Claire and Loria, Cnrs and Kow, Eric and Loria, Inria},
file = {:media/Program\_Data/Study/Application\_in\_NLP/project/literature/biblio/gardentKow05.pdf:pdf},
title = {{Generating and selecting grammatical paraphrases}}
}
@article{Gardenta,
author = {Gardent, Claire and Loria, Cnrs and Kow, Eric and Uhp, Inria Loria},
file = {:media/Program\_Data/Study/Application\_in\_NLP/project/literature/acl07-determinism.pdf:pdf},
title = {{A Symbolic Approach to Near-Deterministic Surface Realisation using Tree Adjoining Grammar}}
}
@misc{Harmon1979,
author = {Harmon, James},
booktitle = {The English Journal},
doi = {10.2307/815415},
file = {:media/Program\_Data/Study/Application\_in\_NLP/project/literature/tutor.ps:ps},
month = may,
number = {5},
pages = {33},
title = {{Tutor}},
volume = {68},
year = {1979}
}
@article{Kow2006,
author = {Kow, Eric and Uhp, Inria Loria and Mary, John and Marie, Jean},
file = {:media/Program\_Data/Study/Application\_in\_NLP/project/literature/haskell01-kow.pdf:pdf},
isbn = {1595934898},
keywords = {applications,computational linguistics,face realisation,geni consists of trans-,haskell,in a concrete example,lating a logical formula,monads,profiling,such as,sur-,the main task of,typeclasses},
title = {{GenI : Natural language generation in Haskell}},
year = {2006}
}
@article{Le-Hong2010,
author = {Le-Hong, P},
file = {:media/Program\_Data/Study/Application\_in\_NLP/project/literature/tag10.pdf:pdf},
journal = {Journal of Computer Science and Cybernetics, Vietnamese Academy of Science and Technology, Vietnam},
title = {{Automated extraction of tree adjoining grammars from a treebank for Vietnamese}},
volume = {10},
year = {2010}
}
@article{McDonald2006,
author = {McDonald, R. and Pereira, F.},
file = {:media/Program\_Data/Study/Application\_in\_NLP/presentation/literature/04\_2\_mcdonaldpereira\_26.pdf:pdf},
journal = {Proceedings of EACL},
pages = {81--88},
title = {{Online learning of approximate dependency parsing algorithms}},
volume = {6},
year = {2006}
}
@article{Oregon2006,
author = {Oregon, Portland},
file = {:media/Program\_Data/Study/Application\_in\_NLP/project/literature/haskell-workshop-kow-06-slides.pdf:pdf},
number = {September},
title = {{GenI : Natural language generation in Haskell}},
year = {2006}
}
@article{Rankin2007,
author = {Rankin, Jim},
file = {:media/Program\_Data/Study/Application\_in\_NLP/project/literature/10.1.1.184.1941.pdf:pdf},
pages = {1--23},
title = {{Data Oriented Parsing Literature Review}},
year = {2007}
}
@article{Schabes1995,
author = {Schabes, Yves and Waters, RC},
file = {:media/Program\_Data/Study/Application\_in\_NLP/project/literature/J95-4002.pdf:pdf},
journal = {Computational Linguistics},
number = {Chomsky 1981},
title = {{Tree insertion grammar: cubic-time, parsable formalism that lexicalizes context-free grammar without changing the trees produced}},
year = {1995}
}
@article{Traum2003,
author = {Traum, David and Fleischman, Michael and Hovy, Eduard},
file = {:media/Program\_Data/Study/Application\_in\_NLP/project/literature/a459528.pdf:pdf},
title = {{Nl generation for virtual humans in a complex social environment}},
year = {2003}
}
@phdthesis{Xia2001,
author = {Xia, F},
file = {:media/Program\_Data/Study/Application\_in\_NLP/project/literature/thesis.pdf:pdf},
title = {{Automatic grammar generation from two different perspectives}},
year = {2001}
}
@article{Xia1999,
author = {Xia, Fei},
file = {:media/Program\_Data/Study/Application\_in\_NLP/project/literature/biblio/xia.pdf:pdf},
journal = {Proceedings of the 5th Natural Language Processing Pacific Rim Symposium},
title = {{Extracting tree adjoining grammars from bracketed corpora}},
year = {1999}
}
@article{Xia2006,
author = {Xia, Fei and Palmer, M},
file = {:media/Program\_Data/Study/Application\_in\_NLP/project/literature/lextract\_chapter.pdf:pdf},
journal = {Supertagging: Using Complex Lexical Descriptions in Natural Language Processing},
pages = {1--39},
title = {{From Treebanks to Tree-Adjoining Grammars}},
year = {2006}
}
